<?xml version="1.0" encoding="UTF-8"?><collection xmlns="http://www.loc.gov/MARC21/slim"><record><leader>00337nam--2200133-i-4500</leader><controlfield tag="001">000005599</controlfield><controlfield tag="002">20161230</controlfield><controlfield tag="005">20161230201026</controlfield><controlfield tag="008">060222s1000------------r-----000-0-eng-d</controlfield><datafield ind1=" " ind2=" " tag="100"><subfield code="a">Achermann, A</subfield></datafield><datafield ind1=" " ind2=" " tag="245"><subfield code="a">The shielding and its handling devices for the ps machine</subfield></datafield><datafield ind1=" " ind2=" " tag="260"><subfield code="a">Geneve, Ceern, 1961 21 P</subfield></datafield><datafield ind1=" " ind2=" " tag="490"><subfield code="a">61-13</subfield></datafield><datafield ind1=" " ind2=" " tag="852"><subfield code="a">13458</subfield></datafield></record></collection>